@inproceedings{taira2018inloc, 
  title={{InLoc}: Indoor Visual Localization with Dense Matching and View Synthesis}, 
  author={Taira, Hajime and Okutomi, Masatoshi and Sattler, Torsten and Cimpoi, Mircea and Pollefeys, Marc and Sivic, Josef and Pajdla, Tomas and Torii, Akihiko}, 
  booktitle={{CVPR}}, 
  year={2018} 
}

@inproceedings{wijmans17rgbd,
  author = {Erik Wijmans and
            Yasutaka Furukawa},
  title = {Exploiting 2D Floorplan for Building-scale Panorama RGBD Alignment},
  booktitle = {Computer Vision and Pattern Recognition, {CVPR}},
  year = {2017},
  url = {http://cvpr17.wijmans.xyz/CVPR2017-0111.pdf}
}

@InProceedings{Arandjelovic16,
  author       = "Arandjelovi\'c, R. and Gronat, P. and Torii, A. and Pajdla, T. and Sivic, J.",
  title        = "{NetVLAD}: {CNN} architecture for weakly supervised place recognition",
  booktitle    = "IEEE Conference on Computer Vision and Pattern Recognition",
  year         = "2016",
}

@MISC{MultiCameraPose,
	author = "Torsten Sattler, Pavel Lučivňák",
	year = {2020},
	note = {[cit. 2020-09-14]},
	howpublished = {[online]},
	url = {https://github.com/lucivpav/MultiCameraPose}
}

@InProceedings{Kukelova2016CVPR,
  author = {Kukelova, Zuzana and Heller, Jan and Fitzgibbon, Andrew},
  title = {Efficient Intersection of Three Quadrics and Applications in Computer Vision},
  booktitle = {The IEEE Conference on Computer Vision and Pattern Recognition (CVPR)},
  year = {2016}
}